%% This BibTeX bibliography file was created using BibDesk.
%% http://bibdesk.sourceforge.net/

%% Created for Saurabh Swaroop at 2018-04-19 18:55:03 -0600 


%% Saved with string encoding Unicode (UTF-8) 



@misc{hid-sp18-522-sparkstream-image,
	Date-Added = {2018-04-15 16:59:43 +0000},
	Date-Modified = {2018-04-15 17:00:28 +0000},
	Howpublished = {Web},
	Keywords = {Spark Stream},
	Title = {Spark Stream},
	Url = {https://databricks.com/product/getting-started-guide/streaming},
	Bdsk-Url-1 = {https://databricks.com/product/getting-started-guide/streaming}}

@misc{hid-sp18-522-sparkfeatures-image,
	Author = {Collaberatact},
	Date-Added = {2018-04-15 16:57:08 +0000},
	Date-Modified = {2018-04-15 16:58:33 +0000},
	Howpublished = {Web},
	Keywords = {Spark Features},
	Title = {Spark Features},
	Url = {https://www.collaberatact.com/apache-spark-hadoop-locking-horns/},
	Bdsk-Url-1 = {https://www.collaberatact.com/apache-spark-hadoop-locking-horns/}}

@misc{hid-sp18-522-topal,
	Author = {RADEK OSTROWSKI},
	Date-Added = {2018-04-13 05:37:24 +0000},
	Date-Modified = {2018-04-13 05:38:25 +0000},
	Keywords = {Big Data},
	Url = {https://www.toptal.com/spark/introduction-to-apache-spark},
	Bdsk-Url-1 = {https://www.toptal.com/spark/introduction-to-apache-spark}}

@misc{hid-sp18-522-spark,
	Author = {Apache Spark Foundation},
	Date-Added = {2018-04-13 05:35:05 +0000},
	Date-Modified = {2018-04-13 05:36:30 +0000},
	Keywords = {spark},
	Title = {Apache Spark},
	Url = {https://spark.apache.org},
	Bdsk-Url-1 = {https://spark.apache.org}}

@misc{hid-sp18-522-IoT,
	Author = {Mike Freedman},
	Date-Added = {2018-04-13 05:34:02 +0000},
	Date-Modified = {2018-04-13 05:36:46 +0000},
	Keywords = {IoT},
	Title = {Spark Streaming and IoT},
	Url = {https://databricks.com/session/spark-streaming-and-iot},
	Bdsk-Url-1 = {https://databricks.com/session/spark-streaming-and-iot}}

@misc{hid-sp18-522-deepcore,
	Author = {Andrew Sonstrom},
	Date-Added = {2018-04-13 05:31:49 +0000},
	Date-Modified = {2018-04-13 05:33:24 +0000},
	Keywords = {Apache Spark},
	Title = {Introduction to Apache Spark with Examples and Use Cases},
	Url = {https://www.deepcoredata.com/introduction-apache-spark-examples},
	Bdsk-Url-1 = {https://www.deepcoredata.com/introduction-apache-spark-examples}}

@misc{hid-sp18-522-sql,
	Date-Added = {2018-04-13 05:25:15 +0000},
	Date-Modified = {2018-04-13 05:29:23 +0000},
	Keywords = {Spark Sql},
	Month = {June},
	Title = {Spark SQL for Relational Big Data Processing},
	Url = {https://www.dezyre.com/article/spark-sql-for-relational-big-data-processing/355},
	Year = {2017},
	Bdsk-Url-1 = {https://www.dezyre.com/article/spark-sql-for-relational-big-data-processing/355}}
